@ARTICLE{Lucy,
       author = {{Lucy}, L.~B.},
        title = "{An iterative technique for the rectification of observed distributions}",
      journal = {\aj},
         year = 1974,
        month = jun,
       volume = {79},
        pages = {745},
          doi = {10.1086/111605},
       adsurl = {https://ui.adsabs.harvard.edu/abs/1974AJ.....79..745L},
      adsnote = {Provided by the SAO/NASA Astrophysics Data System}
}

@ARTICLE{Richardson,
       author = {{Richardson}, William Hadley},
        title = "{Bayesian-Based Iterative Method of Image Restoration}",
      journal = {Journal of the Optical Society of America (1917-1983)},
         year = 1972,
        month = jan,
       volume = {62},
       number = {1},
        pages = {55},
       adsurl = {https://ui.adsabs.harvard.edu/abs/1972JOSA...62...55R},
      adsnote = {Provided by the SAO/NASA Astrophysics Data System}
}
@article{LRalgo,
author = {D. A. Fish and A. M. Brinicombe and E. R. Pike and J. G. Walker},
journal = {J. Opt. Soc. Am. A},
keywords = {Blind deconvolution; Imaging noise; Medical imaging; Phase retrieval; Point spread function; Positron emission tomography},
number = {1},
pages = {58--65},
publisher = {OSA},
title = {Blind deconvolution by means of the Richardson--Lucy algorithm},
volume = {12},
month = {Jan},
year = {1995},
url = {http://josaa.osa.org/abstract.cfm?URI=josaa-12-1-58},
doi = {10.1364/JOSAA.12.000058},

}


@online{gputime,
  author = {Harris, Mark},
  title = {How to Implement Performance Metrics in CUDA C/C++},
  url = {https://devblogs.nvidia.com/how-implement-performance-metrics-cuda-cc/},
  year = 2012,
  month = nov
}

